<?xml version="1.0" encoding="UTF-8"?><collection xmlns="http://www.loc.gov/MARC21/slim"><record><leader>00487nam--2200169-i-4500</leader><controlfield tag="001">000004491</controlfield><controlfield tag="002">20161230</controlfield><controlfield tag="005">20170121225024</controlfield><controlfield tag="008">060222s1000------------r-----000-0-eng-d</controlfield><datafield ind1=" " ind2=" " tag="100"><subfield code="a">Bettoni, M</subfield></datafield><datafield ind1=" " ind2=" " tag="245"><subfield code="a">Angular correlation of scattered annihilation radiation</subfield></datafield><datafield ind1=" " ind2=" " tag="260"><subfield code="a">Milano</subfield><subfield code="b">Inst.Di Fisica Sper. Del Politecn</subfield><subfield code="c">1955</subfield></datafield><datafield ind1=" " ind2=" " tag="300"><subfield code="a">2 p. + 2 Fig</subfield></datafield><datafield ind1=" " ind2=" " tag="490"><subfield code="a">Estratto Da: Il Nuovo Cimento ,2-661/1955</subfield></datafield><datafield ind1=" " ind2=" " tag="700"><subfield code="a">Lazzarini, E</subfield></datafield><datafield ind1=" " ind2=" " tag="852"><subfield code="a">5966</subfield></datafield><datafield ind1=" " ind2=" " tag="CAT"><subfield code="a">SYS</subfield><subfield code="c">20170121</subfield><subfield code="h">225024</subfield></datafield></record></collection>